@book{Kemper2011,
  title={Datenbanksysteme: Eine Einf{\"u}hrung},
  author={Kemper, A. and Eickler, A.},
  year={2011},
  publisher={Oldenbourg Wissenschaftsverlag}
}

@misc{website:strks-blog,
      author = {Strk},
      title = {Simplifying a map layer using PostGIS topology},
      month = {April},
      year = {2012},
      url = {http://strk.keybit.net/blog/2012/04/13/simplifying-a-map-layer-using-postgis-topology}
}